% Encoding: UTF-8

@Misc{net2plan,
  title = {Net2Plan: The open-source network planner},
  note  = {[Último acceso: Junio 2017]},
  url   = {http://www.net2plan.com},
}

@Misc{mfci,
  title = {{Martin Fowler - Continuous Integration}},
  note  = {[Último acceso: Junio 2017]},
  url   = {https://martinfowler.com/articles/continuousIntegration.html},
}

@Misc{phasesci,
  title = {{Phases of Continuous Integration}},
  note  = {[Último acceso: Junio 2017]},
  url   = {http://www.bogotobogo.com/DevOps/Continuous_Integration_Phases.php},
}

@Misc{travisdoc,
  title = {{Travis CI User Documentation}},
  note  = {[Último acceso: Junio 2017]},
  url   = {https://docs.travis-ci.com},
}

@Misc{releasesgh,
  title = {{Releases - GitHub Developer Guide}},
  note  = {[Último acceso: Junio 2017]},
  url   = {https://developer.github.com/v3/repos/releases/},
}

@Misc{jenkinsdoc,
  title = {{Jenkins Documentation}},
  note  = {[Último acceso: Junio 2017]},
  url   = {https://jenkins.io/doc/},
}

@Misc{bashtut,
  title = {{Bash Scripting Tutorial}},
  note  = {[Último acceso: Junio 2017]},
  url   = {https://linuxconfig.org/bash-scripting-tutorial},
}

@Misc{sourcetree,
  title = {{SourceTree: A free Git client for Windows and Mac}},
  note  = {[Último acceso: Junio 2017]},
  url   = {https://www.sourcetreeapp.com/},
}

@Misc{gitkraken,
  title = {{GitKraken: The most popular Git GUI for Windows, Mac and Linux}},
  note  = {[Último acceso: Junio 2017]},
  url   = {https://www.gitkraken.com/},
}

@Misc{git,
  title = {{GIT}},
  note  = {[Último acceso: Junio 2017]},
  url   = {https://git-scm.com/},
}

@Misc{github,
  title = {{GitHub: The world's leading software development platform}},
  note  = {[Último acceso: Junio 2017]},
  url   = {https://github.com/},
}

@Misc{jenkins,
  title = {{Jenkins CI}},
  note  = {[Último acceso: Junio 2017]},
  url   = {https://jenkins.io/},
}

@Misc{travis,
  title = {{Travis CI: Test and deploy your code with confidence}},
  note  = {[Último acceso: Junio 2017]},
  url   = {https://travis-ci.org/},
}

@Misc{docker,
  title = {{Docker: Build, Ship, and Run any App, Anywhere}},
  note  = {[Último acceso: Junio 2017]},
  url   = {https://www.docker.com/},
}

@Comment{jabref-meta: databaseType:bibtex;}
